pauljohnson@smu14-002.21630:1414148299