@unpublished {Aggarwal,
 AUTHOR = {Amol Aggarwal},
TITLE = {Armstrong's conjecture for {$(k, mk+1)$}-core partitions},
note = {\url{http://arxiv.org/pdf/1407.5134v1.pdf}},
}

@unpublished {AB,
    AUTHOR = {Federico Ardila and Erwan Brugall\'e},
   TITLE = {The double {G}romov-{W}itten invariants of {H}irzebruch surfaces are piecewise polynomial},
   NOTE = {\url{http://arxiv.org/abs/1412.4563}},
}



@article {AKS,
    AUTHOR = {Aukerman, David and Kane, Ben and Sze, Lawrence},
     TITLE = {On simultaneous {$s$}-cores/{$t$}-cores},
   JOURNAL = {Discrete Math.},
  FJOURNAL = {Discrete Mathematics},
    VOLUME = {309},
      YEAR = {2009},
    NUMBER = {9},
     PAGES = {2712--2720},
      ISSN = {0012-365X},
     CODEN = {DSMHA4},
   MRCLASS = {05A17 (05A15 05E05)},
  MRNUMBER = {2523778 (2011a:05026)},
       DOI = {10.1016/j.disc.2008.06.024},
       URL = {http://dx.doi.org/10.1016/j.disc.2008.06.024},
}
		



@article {anderson,
    AUTHOR = {Anderson, Jaclyn},
     TITLE = {Partitions which are simultaneously {$t_1$}- and {$t_2$}-core},
   JOURNAL = {Discrete Math.},
  FJOURNAL = {Discrete Mathematics},
    VOLUME = {248},
      YEAR = {2002},
    NUMBER = {1-3},
     PAGES = {237--243},
      ISSN = {0012-365X},
     CODEN = {DSMHA4},
   MRCLASS = {05A17},
  MRNUMBER = {1892698 (2002m:05021)},
       DOI = {10.1016/S0012-365X(01)00343-0},
       URL = {http://dx.doi.org/10.1016/S0012-365X(01)00343-0},
}

@unpublished{AHJ,
    Title={Results and conjectures on simultaneous core partitions},
    Author={D. Armstrong, C. Hanusa, B. Jones},
    Note={\url{http://arxiv.org/abs/1308.0572}}
}


@book {ALR,
    AUTHOR = {Adem, Alejandro and Leida, Johann and Ruan, Yongbin},
     TITLE = {Orbifolds and stringy topology},
    SERIES = {Cambridge Tracts in Mathematics},
    VOLUME = {171},
 PUBLISHER = {Cambridge University Press, Cambridge},
      YEAR = {2007},
     PAGES = {xii+149},
      ISBN = {978-0-521-87004-7; 0-521-87004-6},
   MRCLASS = {57R19 (19L64 55N35)},
  MRNUMBER = {2359514 (2009a:57044)},
MRREVIEWER = {Yunfeng Jiang},
       DOI = {10.1017/CBO9780511543081},
       URL = {http://dx.doi.org/10.1017/CBO9780511543081},
}


@article {BHS,
    AUTHOR = {Beck, Matthias and Haase, Christian and Sottile, Frank},
     TITLE = {Formulas of {B}rion, {L}awrence, and {V}archenko on rational
              generating functions for cones},
   JOURNAL = {Math. Intelligencer},
  FJOURNAL = {The Mathematical Intelligencer},
    VOLUME = {31},
      YEAR = {2009},
    NUMBER = {1},
     PAGES = {9--17},
      ISSN = {0343-6993},
     CODEN = {MAINDC},
   MRCLASS = {52C05 (05A15)},
  MRNUMBER = {2480796 (2010i:52024)},
MRREVIEWER = {Fedor V. Petrov},
       DOI = {10.1007/s00283-008-9013-y},
       URL = {http://dx.doi.org/10.1007/s00283-008-9013-y},
      NOTE = {\url{http://arxiv.org/abs/math/0506466}},
}
		
@article {Brion,
    AUTHOR = {Brion, Michel},
     TITLE = {Points entiers dans les poly\`edres convexes},
   JOURNAL = {Ann. Sci. \'Ecole Norm. Sup. (4)},
  FJOURNAL = {Annales Scientifiques de l'\'Ecole Normale Sup\'erieure.
              Quatri\`eme S\'erie},
    VOLUME = {21},
      YEAR = {1988},
    NUMBER = {4},
     PAGES = {653--663},
      ISSN = {0012-9593},
     CODEN = {ASENAH},
   MRCLASS = {52A43 (11H06 12L10 14F12 32C40)},
  MRNUMBER = {982338 (90d:52020)},
MRREVIEWER = {Daniel Barlet},
       URL = {http://www.numdam.org/item?id=ASENS_1988_4_21_4_653_0},
}



@book {BR,
    AUTHOR = {Beck, Matthias and Robins, Sinai},
     TITLE = {Computing the continuous discretely},
    SERIES = {Undergraduate Texts in Mathematics},
 PUBLISHER = {Springer, New York},
      YEAR = 2007,
     PAGES = {xviii+226},
      ISBN = {978-0-387-29139-0; 0-387-29139-3},
   MRCLASS = {11P21 (05-02 05A15 11-02 11H06 52B05 52B20)},
  MRNUMBER = {2271992 (2007h:11119)},
MRREVIEWER = {Jes{\'u}s A. de Loera},
 NOTE = {\url{http://math.sfsu.edu/beck/papers/noprint.pdf}}
}


@incollection {BS,
    AUTHOR = {Bright, Katie L. and Savage, Carla D.},
     TITLE = {The geometry of lecture hall partitions and quadratic
              permutation statistics},
 BOOKTITLE = {22nd {I}nternational {C}onference on {F}ormal {P}ower {S}eries
              and {A}lgebraic {C}ombinatorics ({FPSAC} 2010)},
    SERIES = {Discrete Math. Theor. Comput. Sci. Proc., AN},
     PAGES = {569--580},
 PUBLISHER = {Assoc. Discrete Math. Theor. Comput. Sci., Nancy},
      YEAR = {2010},
   MRCLASS = {05A15 (05A05 05A17)},
  MRNUMBER = {2673867 (2012m:05024)},
}

@unpublished {CHW,
   AUTHOR = {Chen, William Y.C. and Huang, Harry H.Y. and Wang, Larry X.W.},
   TITLE = {Average size of a self-conugate $(s,t)$-core partition},
   NOTE = {\url{http://arxiv.org/abs/1405.2175}}
}

@article {CJM,
    AUTHOR = {Cavalieri, Renzo and Johnson, Paul and Markwig, Hannah},
     TITLE = {Wall crossings for double {H}urwitz numbers},
   JOURNAL = {Adv. Math.},
  FJOURNAL = {Advances in Mathematics},
    VOLUME = {228},
      YEAR = {2011},
    NUMBER = {4},
     PAGES = {1894--1937},
      ISSN = {0001-8708},
     CODEN = {ADMTA4},
   MRCLASS = {14N10 (05C78 05C90 14H30 14T05)},
  MRNUMBER = {2836109},
MRREVIEWER = {Francesco Polizzi},
       DOI = {10.1016/j.aim.2011.06.021},
       URL = {http://dx.doi.org/10.1016/j.aim.2011.06.021},
     NOTE = {\url{http://arxiv.org/abs/1003.1805}},
}

@article {CR,
    AUTHOR = {Chen, Weimin and Ruan, Yongbin},
     TITLE = {A new cohomology theory of orbifold},
   JOURNAL = {Comm. Math. Phys.},
  FJOURNAL = {Communications in Mathematical Physics},
    VOLUME = {248},
      YEAR = {2004},
    NUMBER = {1},
     PAGES = {1--31},
      ISSN = {0010-3616},
     CODEN = {CMPHAY},
   MRCLASS = {57R19 (53D45)},
  MRNUMBER = {2104605 (2005j:57036)},
MRREVIEWER = {Paolo Lisca},
       DOI = {10.1007/s00220-004-1089-4},
       URL = {http://dx.doi.org/10.1007/s00220-004-1089-4},
      NOTE = {\url{http://arxiv.org/abs/math/0004129}}
}


@article{DS,
	Author = {Dijkgraaf, Robbert and Su{\l}kowski, Piotr},
	Date-Added = {2013-05-30 13:47:31 +0000},
	Date-Modified = {2013-05-30 13:48:10 +0000},
	Doi = {10.1088/1126-6708/2008/03/013},
	Fjournal = {Journal of High Energy Physics. A SISSA Journal},
	Issn = {1126-6708},
	Journal = {J. High Energy Phys.},
	Mrclass = {81T45 (05E10 81T60)},
	Mrnumber = {2391107 (2009j:81139)},
	Mrreviewer = {Yang-Hui He},
	Number = {3},
	Pages = {013, 24},
	Title = {Instantons on {ALE} spaces and orbifold partitions},
	Url = {http://dx.doi.org/10.1088/1126-6708/2008/03/013},
	Year = {2008},
	note = {\url{http://arxiv.org/abs/0712.1427}},
        Bdsk-Url-1 = {http://dx.doi.org/10.1088/1126-6708/2008/03/013}}
        

@article {EM1,
    AUTHOR = {Gorsky, Evgeny and Mazin, Mikhail},
     TITLE = {Compactified {J}acobians and {$q,t$}-{C}atalan numbers, {I}},
   JOURNAL = {J. Combin. Theory Ser. A},
  FJOURNAL = {Journal of Combinatorial Theory. Series A},
    VOLUME = {120},
      YEAR = {2013},
    NUMBER = {1},
     PAGES = {49--63},
      ISSN = {0097-3165},
     CODEN = {JCBTA7},
   MRCLASS = {05E15 (05A10 14H40)},
  MRNUMBER = {2971696},
MRREVIEWER = {Anthony Henderson},
       DOI = {10.1016/j.jcta.2012.07.002},
       URL = {http://dx.doi.org/10.1016/j.jcta.2012.07.002},
    NOTE = {\url{http://arxiv.org/abs/1105.1151}},
}

@article {EM2,
    AUTHOR = {Gorsky, Evgeny and Mazin, Mikhail},
     TITLE = {Compactified {J}acobians and {$q,t$}-{C}atalan numbers, {II}},
   JOURNAL = {J. Algebraic Combin.},
  FJOURNAL = {Journal of Algebraic Combinatorics. An International Journal},
    VOLUME = {39},
      YEAR = {2014},
    NUMBER = {1},
     PAGES = {153--186},
      ISSN = {0925-9899},
   MRCLASS = {05E15 (05A10 14H40)},
  MRNUMBER = {3144397},
MRREVIEWER = {Anthony Henderson},
       DOI = {10.1007/s10801-013-0443-z},
       URL = {http://dx.doi.org/10.1007/s10801-013-0443-z},
      NOTE = {\url{http://arxiv.org/abs/1204.5448}},
}


@article {FMS,
    AUTHOR = {Ford, Ben and Mai, Ho{\`a}ng and Sze, Lawrence},
     TITLE = {Self-conjugate simultaneous {$p$}- and {$q$}-core partitions
              and blocks of {$A_n$}},
   JOURNAL = {J. Number Theory},
  FJOURNAL = {Journal of Number Theory},
    VOLUME = {129},
      YEAR = {2009},
    NUMBER = {4},
     PAGES = {858--865},
      ISSN = {0022-314X},
     CODEN = {JNUTA9},
   MRCLASS = {05E05 (05A17 20C20)},
  MRNUMBER = {2499410 (2010i:05345)},
MRREVIEWER = {Christine Bessenrodt},
       DOI = {10.1016/j.jnt.2008.09.012},
       URL = {http://dx.doi.org/10.1016/j.jnt.2008.09.012},

}

@unpublished{ GMV,
  AUTHOR= {Euge Gorsky, Mikhail Mazin and Monica Vazirani},
  TITLE = {Affine permutations and rational parking functions},
  NOTE = {\href{http://arxiv.org/abs/1403.0303}},
}


@article {GG,
    AUTHOR = {Gordon, Iain G. and Griffeth, Stephen},
     TITLE = {Catalan numbers for complex reflection groups},
   JOURNAL = {Amer. J. Math.},
  FJOURNAL = {American Journal of Mathematics},
    VOLUME = {134},
      YEAR = {2012},
    NUMBER = {6},
     PAGES = {1491--1502},
      ISSN = {0002-9327},
     CODEN = {AJMAAN},
   MRCLASS = {20F55 (05A10)},
  MRNUMBER = {2999286},
MRREVIEWER = {Christian Stump},
       DOI = {10.1353/ajm.2012.0047},
       URL = {http://dx.doi.org/10.1353/ajm.2012.0047},
       note={\url{http://arxiv.org/abs/0912.1578}}
}



@article{GKS,
	Author = {Garvan, Frank and Kim, Dongsu and Stanton, Dennis},
	Coden = {INVMBH},
	Date-Added = {2013-05-16 10:14:49 +0000},
	Date-Modified = {2013-05-16 10:16:43 +0000},
	Doi = {10.1007/BF01231493},
	Fjournal = {Inventiones Mathematicae},
	Issn = {0020-9910},
	Journal = {Invent. Math.},
	Mrclass = {11P83 (05A17 20C30 33D80)},
	Mrnumber = {1055707 (91h:11106)},
	Mrreviewer = {George E. Andrews},
	Number = {1},
	Pages = {1--17},
	Rating = {4},
	Title = {Cranks and {$t$}-cores},
	Url = {http://dx.doi.org/10.1007/BF01231493},
 	Volume = {101},
	Year = {1990},
	Bdsk-Url-1 = {http://dx.doi.org/10.1007/BF01231493}}

@incollection{Haase,
    AUTHOR = {Haase, Christian and McAllister, Tyrrell B.},
     TITLE = {Quasi-period collapse and {${\rm GL}_n(\Bbb Z)$}-scissors
              congruence in rational polytopes},
 BOOKTITLE = {Integer points in polyhedra---geometry, number theory,
              representation theory, algebra, optimization, statistics},
    SERIES = {Contemp. Math.},
    VOLUME = {452},
     PAGES = {115--122},
 PUBLISHER = {Amer. Math. Soc., Providence, RI},
      YEAR = {2008},
   MRCLASS = {52B20 (52B45)},
  MRNUMBER = {2405767 (2009g:52020)},
MRREVIEWER = {Jes{\'u}s A. de Loera},
       DOI = {10.1090/conm/452/08777},
       URL = {http://dx.doi.org/10.1090/conm/452/08777},
      NOTE = {\url{http://arxiv.org/abs/0709.4070}},
}

@article {Lawrence,
    AUTHOR = {Lawrence, Jim},
     TITLE = {Polytope volume computation},
   JOURNAL = {Math. Comp.},
  FJOURNAL = {Mathematics of Computation},
    VOLUME = {57},
      YEAR = {1991},
    NUMBER = {195},
     PAGES = {259--271},
      ISSN = {0025-5718},
     CODEN = {MCMPAF},
   MRCLASS = {52B55},
  MRNUMBER = {1079024 (91j:52019)},
MRREVIEWER = {Alan M. Frieze},
       DOI = {10.2307/2938672},
       URL = {http://dx.doi.org/10.2307/2938672},
}

@article {LS,
    AUTHOR = {Lusztig, G. and Smelt, J. M.},
     TITLE = {Fixed point varieties on the space of lattices},
   JOURNAL = {Bull. London Math. Soc.},
  FJOURNAL = {The Bulletin of the London Mathematical Society},
    VOLUME = {23},
      YEAR = {1991},
    NUMBER = {3},
     PAGES = {213--218},
      ISSN = {0024-6093},
     CODEN = {LMSBBT},
   MRCLASS = {14N99},
  MRNUMBER = {1123328 (93e:14065)},
       DOI = {10.1112/blms/23.3.213},
       URL = {http://dx.doi.org/10.1112/blms/23.3.213},
      NOTE = {\href{http://blms.oxfordjournals.org/content/23/3/213}}, 
}


@article {OS,
    AUTHOR = {Olsson, J{\o}rn B. and Stanton, Dennis},
     TITLE = {Block inclusions and cores of partitions},
   JOURNAL = {Aequationes Math.},
  FJOURNAL = {Aequationes Mathematicae},
    VOLUME = {74},
      YEAR = {2007},
    NUMBER = {1-2},
     PAGES = {90--110},
      ISSN = {0001-9054},
     CODEN = {AEMABN},
   MRCLASS = {20C30 (05A17)},
  MRNUMBER = {2355859 (2008j:20031)},
MRREVIEWER = {Gabriel Navarro},
       DOI = {10.1007/s00010-006-2867-1},
       URL = {http://dx.doi.org/10.1007/s00010-006-2867-1},
}

@unpublished{Stat,
    }

@article {SU,
    AUTHOR = {Sack, Joshua and {\'U}lfarsson, Henning},
     TITLE = {Refined inversion statistics on permutations},
   JOURNAL = {Electron. J. Combin.},
  FJOURNAL = {Electronic Journal of Combinatorics},
    VOLUME = {19},
      YEAR = {2012},
    NUMBER = {1},
     PAGES = {Paper 29, 27},
      ISSN = {1077-8926},
   MRCLASS = {05A05},
  MRNUMBER = {2880660},
MRREVIEWER = {Antonio Bernini},
   note= {\url{http://arxiv.org/abs/1106.1995}},
}

@article {Stapledon,
    AUTHOR = {Stapledon, A.},
     TITLE = {Weighted {E}hrhart theory and orbifold cohomology},
   JOURNAL = {Adv. Math.},
  FJOURNAL = {Advances in Mathematics},
    VOLUME = {219},
      YEAR = {2008},
    NUMBER = {1},
     PAGES = {63--88},
      ISSN = {0001-8708},
     CODEN = {ADMTA4},
   MRCLASS = {14M25 (14F43 52B05)},
  MRNUMBER = {2435420 (2009i:14074)},
MRREVIEWER = {J. Maurice Rojas},
       DOI = {10.1016/j.aim.2008.04.010},
       URL = {http://dx.doi.org/10.1016/j.aim.2008.04.010},
     NOTE =  {\url{http://arxiv.org/abs/0711.4382}},
}


@incollection {StanleyHyperplane,
    AUTHOR = {Stanley, Richard P.},
     TITLE = {An introduction to hyperplane arrangements},
 BOOKTITLE = {Geometric combinatorics},
    SERIES = {IAS/Park City Math. Ser.},
    VOLUME = {13},
     PAGES = {389--496},
 PUBLISHER = {Amer. Math. Soc., Providence, RI},
      YEAR = {2007},
   MRCLASS = {52C35 (05B35 55R80)},
  MRNUMBER = {2383131},
      NOTE = {\url{http://www-math.mit.edu/~rstan/arrangements/arr.html}},
}


@unpublished{SZ,
   Author={R. Stanley and P. Zanello},
   Title={The {C}atalan case of {A}rmstrong's conjecture on simultaneous core partitions},
   Note={\url{http://arxiv.org/abs/1312.4352}}}

@preamble{
   "\def\cprime{$'$} "
}
@article {Varchenko,
    AUTHOR = {Varchenko, A. N.},
     TITLE = {Combinatorics and topology of the arrangement of affine
              hyperplanes in the real space},
   JOURNAL = {Funktsional. Anal. i Prilozhen.},
  FJOURNAL = {Akademiya Nauk SSSR. Funktsional\cprime ny\u\i\ Analiz i ego
              Prilozheniya},
    VOLUME = {21},
      YEAR = {1987},
    NUMBER = {1},
     PAGES = {11--22},
      ISSN = {0374-1990},
   MRCLASS = {32C40 (05B35 14B05 32G13 51M20)},
  MRNUMBER = {888011 (89c:32029)},
MRREVIEWER = {Donal O'Shea},
}
	

@unpublished{X,
   AUTHOR = {Huan Xiong},
   TITLE = {The number of simultaneous core partitions},
   NOTE = {\url{http://arxiv.org/abs/1409.7038}}
}